<record><leader>00000cas a22000007a 4500</leader><controlfield tag="001">10612880</controlfield><controlfield tag="008">840410d18551928mduwr ne      0    0eng d</controlfield><datafield ind1=" " ind2=" " tag="010"><subfield code="a">sn 84026680 </subfield></datafield><datafield ind1=" " ind2=" " tag="040"><subfield code="a">NPU</subfield><subfield code="b">eng</subfield><subfield code="c">NPU</subfield><subfield code="d">NPX</subfield><subfield code="d">OCL</subfield><subfield code="d">MFN</subfield><subfield code="d">OCLCQ</subfield></datafield><datafield ind1=" " ind2=" " tag="012"><subfield code="b">3</subfield></datafield><datafield ind1=" " ind2=" " tag="019"><subfield code="a">2257419</subfield></datafield><datafield ind1=" " ind2=" " tag="042"><subfield code="a">msc</subfield></datafield><datafield ind1="0" ind2=" " tag="130"><subfield code="a">American sentinel (Westminster, Md.)</subfield></datafield><datafield ind1="1" ind2="4" tag="245"><subfield code="a">The American sentinel.</subfield></datafield><datafield ind1=" " ind2=" " tag="260"><subfield code="a">Westminster, Md. :</subfield><subfield code="b">William H. Grammer</subfield></datafield><datafield ind1=" " ind2=" " tag="300"><subfield code="a">v.</subfield></datafield><datafield ind1=" " ind2=" " tag="310"><subfield code="a">Weekly,</subfield><subfield code="b">Mar. 21, 1913-1928</subfield></datafield><datafield ind1=" " ind2=" " tag="321"><subfield code="a">Weekly,</subfield><subfield code="b">1855-Apr. 26, 1912</subfield></datafield><datafield ind1=" " ind2=" " tag="321"><subfield code="a">Semiweekly,</subfield><subfield code="b">Apr. 30, 1912-Mar. 14, 1913</subfield></datafield><datafield ind1="0" ind2=" " tag="362"><subfield code="a">New ser., v. 5, no. 24 (June 15, 1855)-v. 96, no. 52 (Dec. 28, 1928).</subfield></datafield><datafield ind1=" " ind2=" " tag="752"><subfield code="a">United States</subfield><subfield code="b">Maryland</subfield><subfield code="c">Carroll</subfield><subfield code="d">Westminster.</subfield></datafield><datafield ind1="0" ind2="0" tag="780"><subfield code="t">Westminster Carrolltonian (Westminster, Md. : 1848)</subfield><subfield code="w">(DLC)sn 89060259</subfield></datafield></record>